<record><leader>00000cas a2200000 a 4500</leader><controlfield tag="001">32940303</controlfield><controlfield tag="008">950808d194u1949cauwr ne      0    0eng c</controlfield><datafield ind1=" " ind2=" " tag="010"><subfield code="a">sn 95061945 </subfield></datafield><datafield ind1=" " ind2=" " tag="040"><subfield code="a">CNK</subfield><subfield code="b">eng</subfield><subfield code="c">CNK</subfield><subfield code="d">OCLCQ</subfield><subfield code="d">OCLCF</subfield><subfield code="d">OCLCO</subfield></datafield><datafield ind1=" " ind2=" " tag="042"><subfield code="a">pcc</subfield></datafield><datafield ind1=" " ind2=" " tag="043"><subfield code="a">n-us-ca</subfield></datafield><datafield ind1="0" ind2="4" tag="245"><subfield code="a">The Carmel spectator.</subfield></datafield><datafield ind1="3" ind2=" " tag="246"><subfield code="a">Spectator</subfield><subfield code="f">&lt;Jan. 6&gt;-June 23, 1949</subfield></datafield><datafield ind1=" " ind2=" " tag="260"><subfield code="a">Carmel, Calif. :</subfield><subfield code="b">Coast Pub. Co.</subfield></datafield><datafield ind1=" " ind2=" " tag="300"><subfield code="a">v.</subfield></datafield><datafield ind1=" " ind2=" " tag="310"><subfield code="a">Weekly</subfield></datafield><datafield ind1="0" ind2=" " tag="362"><subfield code="a">-v. 1, no. 36 (June 23, 1949).</subfield></datafield><datafield ind1=" " ind2=" " tag="500"><subfield code="a">"The Carmel" appears in small print to left of "Spectator," &lt;Jan. 6&gt;-June 23, 1949.</subfield></datafield><datafield ind1=" " ind2=" " tag="500"><subfield code="a">"Serving Carmel, Pebble Beach, Carmel Valley."</subfield></datafield><datafield ind1=" " ind2=" " tag="588"><subfield code="a">Description based on: Vol. 1, no. 12 (Jan. 6, 1949).</subfield></datafield><datafield ind1=" " ind2="0" tag="651"><subfield code="a">Carmel (Calif.)</subfield><subfield code="v">Newspapers.</subfield></datafield><datafield ind1=" " ind2="0" tag="651"><subfield code="a">Carmel Valley (Calif.)</subfield><subfield code="v">Newspapers.</subfield></datafield><datafield ind1=" " ind2="0" tag="651"><subfield code="a">Pebble Beach (Calif.)</subfield><subfield code="v">Newspapers.</subfield></datafield><datafield ind1=" " ind2="7" tag="655"><subfield code="a">Newspapers.</subfield><subfield code="2">fast</subfield><subfield code="0">(OCoLC)fst01423814</subfield></datafield><datafield ind1=" " ind2="7" tag="651"><subfield code="a">California</subfield><subfield code="z">Carmel.</subfield><subfield code="2">fast</subfield><subfield code="0">(OCoLC)fst01209285</subfield></datafield><datafield ind1=" " ind2="7" tag="651"><subfield code="a">California</subfield><subfield code="z">Carmel Valley.</subfield><subfield code="2">fast</subfield><subfield code="0">(OCoLC)fst01215443</subfield></datafield><datafield ind1=" " ind2="7" tag="651"><subfield code="a">California</subfield><subfield code="z">Pebble Beach.</subfield><subfield code="2">fast</subfield><subfield code="0">(OCoLC)fst01222190</subfield></datafield><datafield ind1=" " ind2=" " tag="752"><subfield code="a">United States</subfield><subfield code="b">California</subfield><subfield code="c">Monterey</subfield><subfield code="d">Carmel.</subfield></datafield><datafield ind1="0" ind2="0" tag="785"><subfield code="t">Carmel, Pebble Beach, Carmel Valley spectator</subfield><subfield code="w">(DLC)sn 99060651</subfield></datafield></record>